@book{lang,
  author         = {Serge Lang},
  publisher      = {Springer},
  title          = {Linear Algebra},
  year           = {1987}
}

@book{roman,
  author         = {Steven Roman},
  publisher      = {Springer},
  title          = {Advanced Linear Algebra},
  year           = {2008}
}
